
@article{OToole2011,
	author = {O'Toole, T.B. and Woodhouse, J.H.},
	date-added = {2011-06-29 20:40:27 +0100},
	date-modified = {2012-04-19 11:44:10 +0200},
	journal = {Geophysical Journal International},
	pages = {1516--1536},
	title = {Numerically stable computation of complete synthetic seismograms including the static displacement in plane layered media},
	volume = {187},
	year = {2011},
	Bdsk-File-1 = {YnBsaXN0MDDSAQIDBFxyZWxhdGl2ZVBhdGhZYWxpYXNEYXRhXxAdMjAxMS9PJ1Rvb2xlV29vZGhvdXNlMjAxMS5wZGZPEQGUAAAAAAGUAAIAAAxNYWNpbnRvc2ggSEQAAAAAAAAAAAAAAAAAAAAAAAAAQkQAAf////8YTydUb29sZVdvb2Rob3VzZTIwMTEucGRmAAAAAAAAAAAAAAAAAAAAAAAAAAAAAAAAAAAAAAAAAAAAAAAAAAAA/////wAAAAAAAAAAAAAAAAABAAMAAAogY3UAAAAAAAAAAAAAAAAABDIwMTEAAgBFLzpVc2VyczphbmRyZXc6RG9jdW1lbnRzOkRyb3Bib3g6UGFwZXJzOjIwMTE6TydUb29sZVdvb2Rob3VzZTIwMTEucGRmAAAOADIAGABPACcAVABvAG8AbABlAFcAbwBvAGQAaABvAHUAcwBlADIAMAAxADEALgBwAGQAZgAPABoADABNAGEAYwBpAG4AdABvAHMAaAAgAEgARAASAENVc2Vycy9hbmRyZXcvRG9jdW1lbnRzL0Ryb3Bib3gvUGFwZXJzLzIwMTEvTydUb29sZVdvb2Rob3VzZTIwMTEucGRmAAATAAEvAAAVAAIADf//AAAACAANABoAJABEAAAAAAAAAgEAAAAAAAAABQAAAAAAAAAAAAAAAAAAAdw=}}

@article{OToole2012,
	author = {O'Toole, T.B. and Valentine, A.P. and Woodhouse, J.H.},
	date-added = {2012-04-19 11:39:43 +0200},
	date-modified = {2013-08-30 18:19:33 +0200},
	journal = {Geophysical Journal International},
	pages = {257--270},
	title = {Centroid--Moment Tensor Inversions Using High-Rate {GPS} Waveforms},
	volume = {191},
	year = {2012},
	Bdsk-File-1 = {YnBsaXN0MDDSAQIDBFxyZWxhdGl2ZVBhdGhZYWxpYXNEYXRhXxAmMjAxMi9PJ1Rvb2xlVmFsZW50aW5lV29vZGhvdXNlMjAxMi5wZGZPEQG2AAAAAAG2AAIAAAxNYWNpbnRvc2ggSEQAAAAAAAAAAAAAAAAAAAAAAAAAQkQAAf////8fTydUb29sZVZhbGVudGluZVdvI0ZGRkZGRkZGLnBkZgAAAAAAAAAAAAAAAAAAAAAAAAAAAAAAAAAAAAAAAAAA/////wAAAAAAAAAAAAAAAAABAAMAAAogY3UAAAAAAAAAAAAAAAAABDIwMTIAAgBOLzpVc2VyczphbmRyZXc6RG9jdW1lbnRzOkRyb3Bib3g6UGFwZXJzOjIwMTI6TydUb29sZVZhbGVudGluZVdvb2Rob3VzZTIwMTIucGRmAA4ARAAhAE8AJwBUAG8AbwBsAGUAVgBhAGwAZQBuAHQAaQBuAGUAVwBvAG8AZABoAG8AdQBzAGUAMgAwADEAMgAuAHAAZABmAA8AGgAMAE0AYQBjAGkAbgB0AG8AcwBoACAASABEABIATFVzZXJzL2FuZHJldy9Eb2N1bWVudHMvRHJvcGJveC9QYXBlcnMvMjAxMi9PJ1Rvb2xlVmFsZW50aW5lV29vZGhvdXNlMjAxMi5wZGYAEwABLwAAFQACAA3//wAAAAgADQAaACQATQAAAAAAAAIBAAAAAAAAAAUAAAAAAAAAAAAAAAAAAAIH}}
